@article{ nc2015,
author={Paulo F. Naibert and João F. Caldeira},
title={Seleção de carteiras ótimas sob restrições nas normas dos vetores de alocação: uma avaliação empírica com dados da BM\&FBOVESPA},
year={2015},
journal={Revista Brasileira de Finanças},
volume={13},
number={5},
pages={504-543},
doi={http://dx.doi.org/10.12660/rbfin.v13n3.2015.52081},
url={https://bibliotecadigital.fgv.br/ojs/index.php/rbfin/article/viewFile/52081/56156},
}

@article{ ncs-2020,
author={Paulo F. Naibert and João F. Caldeira, and André A. P. Santos},
title={A note on the estimation of minimum tracking error portfolios},
year={2020},
journal={Brazilian Review of Econometrics},
volume={40},
number={1},
pages={209-214},
doi={http://dx.doi.org/10.12660/bre.v40n12020.79437},
url={https://bibliotecadigital.fgv.br/ojs/index.php/bre/article/view/79437/78202},
}
